<?xml version="1.0" encoding="utf-8"?>
<record xmlns="http://www.loc.gov/MARC21/slim" xmlns:xsi="http://www.w3.org/2001/XMLSchema-instance" xsi:schemaLocation="http://www.loc.gov/MARC21/slim http://www.loc.gov/standards/marcxml/schema/MARC21slim.xsd">
	<leader>     nam a22        4500</leader>
	<controlfield tag="001">2983133</controlfield>
	<controlfield tag="003">NNC</controlfield>
	<controlfield tag="006">m        d        </controlfield>
	<controlfield tag="007">cr cn |||m|||a</controlfield>
	<controlfield tag="008">171211s1912    le      o     000 0cara  </controlfield>
	<datafield ind1=" " ind2=" " tag="040">
		<subfield code="a">NNU</subfield>
		<subfield code="b">eng</subfield>
		<subfield code="e">rda</subfield>
		<subfield code="c">NNU</subfield>
	</datafield>
	<datafield ind1=" " ind2=" " tag="066">
		<subfield code="c">(3</subfield>
	</datafield>
	<datafield ind1=" " ind2=" " tag="043">
		<subfield code="a">a-iq---</subfield>
	</datafield>
	<datafield ind1="0" ind2="0" tag="050">
		<subfield code="a">PJ7832.I433</subfield>
		<subfield code="b">S5</subfield>
	</datafield>
	<datafield ind1="1" ind2=" " tag="100">
		<subfield code="6">880-01</subfield>
		<subfield code="a">Ḥillī, Jaʻfar ibn Muḥammad,</subfield>
		<subfield code="d">1861-1898.</subfield>
	</datafield>
	<datafield ind1="1" ind2="0" tag="240">
		<subfield code="6">880-02</subfield>
		<subfield code="a">Siḥr Bābil wa-sajʻ al-balābil</subfield>
	</datafield>
	<datafield ind1="1" ind2="0" tag="245">
		<subfield code="6">880-03</subfield>
		<subfield code="a">Kitāb siḥr Bābil wa-sajʻ al-balābil, aw, Tarājim al-aʻyān wa-al-afāḍil /</subfield>
		<subfield code="c">wa-huwa dīwān Jaʻfar al-Ḥillī al-Najafī ; ʻuniyá bi-nashrihi wa-taṣḥīḥihi wa-ʻallaqa ʻalayhi jumlah min al-fawāyid wa-al-shurūḥ maʻa tarjamihi akthar min dhikr fī aṣl al-dīwān min al-ʻulamāʼ wa-al-shuʻarāʼ wa-al-aʻyān fī wajīz min tārīkh ḥayātihim, al-Najafī.</subfield>
	</datafield>
	<datafield ind1="3" ind2="0" tag="246">
		<subfield code="6">880-04</subfield>
		<subfield code="a">Tarājim al-aʻyān wa-al-afāḍil</subfield>
	</datafield>
	<datafield ind1=" " ind2=" " tag="260">
		<subfield code="6">880-05</subfield>
		<subfield code="a">Ṣaydā :</subfield>
		<subfield code="b">Maṭbaʻat al-ʻIrfān,</subfield>
		<subfield code="c">1331 [1912 or 1913]</subfield>
	</datafield>
	<datafield ind1=" " ind2=" " tag="300">
		<subfield code="a">online resource (465 pages)</subfield>
	</datafield>
	<datafield ind1=" " ind2=" " tag="336">
		<subfield code="a">text</subfield>
		<subfield code="2">rdacontent</subfield>
	</datafield>
	<datafield ind1=" " ind2=" " tag="337">
		<subfield code="a">computer</subfield>
		<subfield code="2">rdamedia</subfield>
	</datafield>
	<datafield ind1=" " ind2=" " tag="338">
		<subfield code="a">online resource</subfield>
		<subfield code="2">rdacarrier</subfield>
	</datafield>
	<datafield ind1=" " ind2=" " tag="500">
		<subfield code="a">Part of the Arabic Collections Online (ACO) project, contributed by Columbia University Libraries.</subfield>
	</datafield>
	<datafield ind1=" " ind2=" " tag="533">
		<subfield code="a">Electronic reproduction.</subfield>
		<subfield code="b">New York, N.Y. :</subfield>
		<subfield code="c">New York University,</subfield>
		<subfield code="d">2017.</subfield>
		<subfield code="5">NNU</subfield>
	</datafield>
	<datafield ind1=" " ind2="0" tag="651">
		<subfield code="a">Iraq</subfield>
		<subfield code="v">Biography</subfield>
		<subfield code="v">Poetry.</subfield>
	</datafield>
	<datafield ind1=" " ind2="7" tag="651">
		<subfield code="a">Iraq.</subfield>
		<subfield code="2">fast</subfield>
		<subfield code="0">(OCoLC)fst01205757</subfield>
	</datafield>
	<datafield ind1="1" ind2=" " tag="700">
		<subfield code="6">880-06</subfield>
		<subfield code="a">Āl Kāshif al-Ghiṭā, Muḥammad al-Ḥusayn,</subfield>
		<subfield code="d">1877-1954.</subfield>
	</datafield>
	<datafield ind1="2" ind2=" " tag="710">
		<subfield code="a">Columbia University.</subfield>
		<subfield code="b">Libraries.</subfield>
	</datafield>
	<datafield ind1="0" ind2=" " tag="730">
		<subfield code="a">Arabic Collections Online.</subfield>
	</datafield>
	<datafield ind1="0" ind2="8" tag="776">
		<subfield code="i">Online version:</subfield>
		<subfield code="a">Ḥillī, Jaʻfar ibn Muḥammad, 1861-1898.</subfield>
		<subfield code="s">Siḥr Bābil wa-sajʻ al-balābil.</subfield>
		<subfield code="t">Kitāb siḥr Bābil wa-sajʻ al-balābil, aw, Tarājim al-aʻyān wa-al-afāḍil.</subfield>
		<subfield code="d">Ṣaydā : Maṭbaʻat al-ʻIrfān, 1331 [1912 or 1913]</subfield>
		<subfield code="w">(OCoLC)701151596</subfield>
	</datafield>
	<datafield ind1="0" ind2="8" tag="776">
		<subfield code="i">Print version:</subfield>
		<subfield code="a">Ḥillī, Jaʻfar ibn Muḥammad, 1861-1898.</subfield>
		<subfield code="t">Kitāb siḥr Bābil wa-sajʻ al-balābil, aw, Tarājim al-aʻyān wa-al-afāḍil</subfield>
		<subfield code="w">(NNC)2983133</subfield>
		<subfield code="w">(DLC)   73203795 </subfield>
		<subfield code="w">(OCoLC)32352677</subfield>
	</datafield>
	<datafield ind1="4" ind2="0" tag="856">
		<subfield code="u">http://hdl.handle.net/2333.1/n8pk0vfx</subfield>
	</datafield>
	<datafield ind1="1" ind2=" " tag="880">
		<subfield code="6">100-01/(3/r</subfield>
		<subfield code="a">حلي، جعفر بن محمد.</subfield>
	</datafield>
	<datafield ind1="1" ind2="0" tag="880">
		<subfield code="6">240-02/(3/r</subfield>
		<subfield code="a">سحر بابل وسجع البلابل</subfield>
	</datafield>
	<datafield ind1="1" ind2="0" tag="880">
		<subfield code="6">245-03/(3/r</subfield>
		<subfield code="a">كتاب سحر بابل وسجع البلابل :</subfield>
		<subfield code="b">او، تراجم الاعيان والافاضل /</subfield>
		<subfield code="c">وهو ديوان جعفر الحلي النجفي ؛ عنيى بنشره وتصحيحه وعلق عليه جملة من الفوايد والشروح مع ترجمه اكثر من ذكر في اصل الديوان من العلمآء والشعرآء والاعيان في وجيز من تاريخ حياتهم، النجفي.</subfield>
	</datafield>
	<datafield ind1="3" ind2="0" tag="880">
		<subfield code="6">246-04/(3/r</subfield>
		<subfield code="a">تراجم الاعيان والافاضل</subfield>
	</datafield>
	<datafield ind1=" " ind2=" " tag="880">
		<subfield code="6">260-05/(3/r</subfield>
		<subfield code="a">صيدا :</subfield>
		<subfield code="b">مطبعة العرفان،</subfield>
		<subfield code="c">1331 [1912 or 1913]</subfield>
	</datafield>
	<datafield ind1="1" ind2=" " tag="880">
		<subfield code="6">700-06/(3/r</subfield>
		<subfield code="a">آل كاشف الغطا، محمد الحسين،,</subfield>
		<subfield code="d">1877-1954.</subfield>
	</datafield>
	<datafield ind1=" " ind2=" " tag="959">
		<subfield code="a">NNU</subfield>
		<subfield code="b">WEB</subfield>
		<subfield code="c">GENI</subfield>
		<subfield code="t">0</subfield>
		<subfield code="m">Electronic access</subfield>
		<subfield code="s">01</subfield>
	</datafield>
	<datafield ind1=" " ind2=" " tag="999">
		<subfield code="i">NNC_2983133</subfield>
		<subfield code="o">(OCoLC)ocm32352677</subfield>
		<subfield code="s">columbia_aco002838</subfield>
	</datafield>
</record>
